@article{bennett2019four,
  title={Four design principles for learner dashboards that support student agency and empowerment},
  author={Bennett, Liz and Folley, Sue},
  journal={Journal of Applied Research in Higher Education},
  year={2019},
  publisher={Emerald Publishing Limited}
}
@inproceedings{arnold2014exercise,
  title={An exercise in institutional reflection: The learning analytics readiness instrument (LARI)},
  author={Arnold, Kimberly E and Lonn, Steven and Pistilli, Matthew D},
  booktitle={Proceedings of the fourth international conference on learning analytics and knowledge},
  pages={163--167},
  year={2014}
}
@inproceedings{bodily2017trends,
  title={Trends and issues in student-facing learning analytics reporting systems research},
  author={Bodily, Robert and Verbert, Katrien},
  booktitle={Proceedings of the seventh international learning analytics \& knowledge conference},
  pages={309--318},
  year={2017}
}
@misc{Brouns2015,
  title={ECO D2. 5 Learning analytics requirements and metrics report},
  author={Brouns, Francis and Zorrilla Pantale{\'o}n, Marta Elena and Solana Gonz{\'a}lez, Pedro and Cobo Ortega, {\'A}ngel and Collantes Via{\~n}a, Marta and Rodr{\'\i}guez Hoyo, Carlos and De Lima Silva, Mariana and Marta-Lazo, Carmen and Gabelas Barroso, Jos{\'e} Antonio and Arranz, Pilar and others},
  year={2015}
}

@inproceedings{Ramos2015,
	title={Towards textual reporting in learning analytics dashboards},
	author={Ramos-Soto, Alejandro and Lama, Manuel and V{\'a}zquez-Barreiros, Borja and Bugar{\'\i}n, Alberto and Barro, M Mucientes S},
	booktitle={2015 IEEE 15th International Conference on Advanced Learning Technologies (ICALT)},
	pages={260--264},
	year={2015},
	organization={IEEE}
}
@article{Steiner2014,
  title={Learning analytics and educational data mining: An overview of recent techniques},
  author={Steiner, Christina M and Kickmeier-Rust, Michael D and Albert, Dietrich},
  journal={Learning Analytics for and in Serious Games},
  volume={6},
  pages={61--75},
  year={2014}
}
@incollection{Yoo2015,
  title={Educational dashboards for smart learning: Review of case studies},
  author={Yoo, Yesom and Lee, Hyeyun and Jo, Il-Hyun and Park, Yeonjeong},
  booktitle={Emerging Issues in Smart Learning},
  pages={145--155},
  year={2015},
  publisher={Springer}
}

@Article{   Park2015,
  title   = {Development of the Learning Analytics Dashboard to Support
      Students' Learning Performance},
  author  = {Park, Yeonjeong and Jo, Il-Hyun},
  journal = {Journal of Universal Computer Science},
  volume  = {21},
  number  = {1},
  pages   = {110--133},
  year    = {2015}
}

@InProceedings{   Duval2011,
  author  = {Duval, Erik},
  isbn    = {9781450310574},
  booktitle = { the 1st International Conference on Learning Analytics },
  keywords  = {learning analytics,recommendation,visualization},
  title   = {{Attention please!: learning analytics for visualization
      and recommendation}},
  year    = {2011}
}

@Book{      Few2006,
  author  = {Few, Stephen},
  title   = {Information Dashboard Design: The Effective Visual
      Communication of Data},
  year    = {2006},
  isbn    = {0596100167},
  publisher = {O'Reilly Media, Inc.}
}

@article{Podgorelec2011,
  title={Taking advantage of education data: Advanced data analysis and reporting in virtual learning environments},
  author={Podgorelec, V and Kuhar, S},
  journal={Elektronika ir Elektrotechnika},
  volume={114},
  number={8},
  pages={111--116},
  year={2011}
}

@Article{   Schwendimann2017,
  author  = {B. A. Schwendimann and M. J. Rodríguez-Triana and A.
      Vozniuk and L. P. Prieto and M. S. Boroujeni and A. Holzer
      and D. Gillet and P. Dillenbourg},
  journal = {IEEE Transactions on Learning Technologies},
  title   = {Perceiving Learning at a Glance: A Systematic Literature
      Review of Learning Dashboard Research},
  year    = {2017},
  volume  = {10},
  number  = {1},
  pages   = {30-41},
  issn    = {1939-1382},
  month   = {Jan}
}

@Article{   Nicholson2012,
  title   = {A user-centered theoretical framework for meaningful
      gamification},
  author  = {Nicholson, Scott},
  journal = {Games+ Learning+ Society},
  volume  = {8},
  number  = {1},
  pages   = {223--230},
  year    = {2012}
}


@Article{   Gutierrez2012,
  title   = {Design of teacher assistance tools in an exploratory
      learning environment for algebraic generalization},
  author  = {Gutierrez-Santos, Sergio and Geraniou, Eirini and
      Pearce-Lazard, Darren and Poulovassilis, Alexandra},
  journal = {IEEE Transactions on Learning Technologies},
  volume  = {5},
  number  = {4},
  pages   = {366--376},
  year    = {2012},
  publisher = {IEEE}
}

@inproceedings{Carrillo2017,
	title={Dashboard for monitoring student engagement in mind mapping activities},
	author={Carrillo, Rubiela and Renaud, Cl{\'e}ment and Pri{\'e}, Yannick and Lavou{\'e}, {\'E}lise},
	booktitle={Advanced Learning Technologies (ICALT), 2017 IEEE 17th International Conference on},
	pages={433--437},
	year={2017},
	organization={IEEE}
}

@InProceedings{   Arnold2012,
  title   = {Course signals at Purdue: Using learning analytics to
      increase student success},
  author  = {Arnold, Kimberly E and Pistilli, Matthew D},
  booktitle = {Proceedings of the 2nd international conference on
      learning analytics and knowledge},
  pages   = {267--270},
  year    = {2012},
  organization  = {ACM}
}

@Article{   Verbert2013,
  title   = {Learning analytics dashboard applications},
  author  = {Verbert, Katrien and Duval, Erik and Klerkx, Joris and
      Govaerts, Sten and Santos, Jos{\'e} Luis},
  journal = {American Behavioral Scientist},
  year    = {2013},
  publisher = {SAGE Publications}
}

@Article{   Wise2016,
  title   = {Developing learning analytics design knowledge in the
      “middle space”: The student tuning model and align
      design framework for learning analytics use},
  author  = {Wise, Alyssa Friend and Vytasek, Jovita Maria and
      Hausknecht, Simone and Zhao, Yuting},
  journal = {Online Learning},
  volume  = {20},
  number  = {2},
  year    = {2016}
}
@article{Kim2015,
author = {Kim, Jeonghyun and Jo, Il Hyun and Park, Yeonjeong},
doi = {10.1007/s12564-015-9403-8},
isbn = {1111111111},
issn = {1876407X},
journal = {Asia Pacific Education Review},
keywords = {Dashboard,Learning achievement,Learning analytics,Satisfaction},
mendeley-groups = {Dashboards},
number = {1},
pages = {13--24},
publisher = {Springer Netherlands},
title = {{Effects of learning analytics dashboard: analyzing the relations among dashboard utilization, satisfaction, and learning achievement}},
volume = {17},
year = {2015}
}
